@misc{,
file = {:C$\backslash$:/Users/s137280/Documents/Master{\_}tue/Internship/literature/GTPower{\_}2018{\_}UserCodeManual{\_}PASSWORD{\_}IntegratedCAE.pdf:pdf},
mendeley-groups = {Internship},
title = {{GTPower{\_}2018{\_}UserCodeManual{\_}PASSWORD{\_}IntegratedCAE.pdf}}
}
@book{Moukalled2015,
author = {Moukalled, Fadl Hassan and Mangani, L. (Luca) and Darwish, M. (Marwan)},
file = {:C$\backslash$:/Users/s137280/Documents/Master{\_}tue/Internship/literature/Moukalled{\_}2015{\_}FiniteVolumeMethodCFD.pdf:pdf},
isbn = {3319168746},
mendeley-groups = {Internship},
pages = {791},
title = {{The finite volume method in computational fluid dynamics : an advanced introduction with OpenFOAM{\textregistered} and Matlab{\textregistered}}},
url = {https://books.google.com.mx/books?id=GYRgCgAAQBAJ{\&}printsec=frontcover{\&}dq=when+was+the+FVM+first+used?{\&}hl=en{\&}sa=X{\&}ved=0ahUKEwij9fyV5f7cAhVKOK0KHZ-sCYsQ6AEILjAB{\#}v=onepage{\&}q=when was the FVM first used{\%}3F{\&}f=false},
volume = {M},
year = {2015}
}
@article{Aakenes2012,
author = {Aakenes, Fr{\o}ydis},
file = {:C$\backslash$:/Users/s137280/Documents/Master{\_}tue/Internship/literature/Aakenes{\_}2012{\_}Friction{\_}Pipe{\_}Model.pdf:pdf},
mendeley-groups = {Internship},
number = {June},
pages = {124},
title = {{Frictional pressure-drop models for steady-state and transient two-phase flow of carbon dioxide}},
year = {2012}
}
